<?xml version='1.0' encoding='UTF-8'?>
<record xmlns="http://www.loc.gov/MARC21/slim">
  <leader>01372cam a2200277 a 4500</leader>
  <controlfield tag="001">2845022</controlfield>
  <controlfield tag="003">NjP</controlfield>
  <controlfield tag="005">20150109131241.0</controlfield>
  <controlfield tag="008">000314s1917    mr            000 0 ara d</controlfield>
  <datafield tag="024" ind1="7" ind2=" ">
    <subfield code="a">princeton_aco002493</subfield>
    <subfield code="2">local</subfield>
  </datafield>
  <datafield ind1=" " ind2=" " tag="035">
    <subfield code="9">CNS9526TS</subfield>
  </datafield>
  <datafield ind1=" " ind2=" " tag="040">
    <subfield code="a">NjP</subfield>
    <subfield code="c">NjP</subfield>
  </datafield>
  <datafield ind1=" " ind2=" " tag="043">
    <subfield code="a">f-mr---</subfield>
  </datafield>
  <datafield ind1="1" ind2=" " tag="100">
    <subfield code="a">Muwaqqat, Muḥammad bin Muḥammad bin ʻAbd Allāh.1949.</subfield>
  </datafield>
  <datafield ind1="1" ind2="0" tag="245">
    <subfield code="a">Taʻṭīr al-anfās fī al-taʻrīf bi-al-Shaykh Abī al-ʻAbbās /</subfield>
    <subfield code="c">li-jāmiʻihi Ibn al-Muwaqqit al-Fatḥī Muḥammad ibn Muḥammad. Wa-bi-hāmishihi taʾlīfhi Iẓhār al-maḥāmid fī al-taʻrīf bi-Mawlānā al-Wālid.</subfield>
  </datafield>
  <datafield ind1=" " ind2=" " tag="260">
    <subfield code="a">[Morocco :</subfield>
    <subfield code="b">s.n.],</subfield>
    <subfield code="c">1336 [1917 or 1918]</subfield>
  </datafield>
  <datafield ind1=" " ind2=" " tag="300">
    <subfield code="a">120 p. ;</subfield>
    <subfield code="c">25 cm.</subfield>
  </datafield>
  <datafield ind1=" " ind2=" " tag="500">
    <subfield code="a">Also contains: Masāʾil al-najāh / naẓm Ibn al-Muwaqqit Muḥammad ibn Muḥammad ibn ʻAbd Allāh al-Marrākushī.</subfield>
  </datafield>
  <datafield ind1=" " ind2="0" tag="651">
    <subfield code="a">Marrakech (Morocco)</subfield>
    <subfield code="v">Biography.</subfield>
  </datafield>
  <datafield ind1=" " ind2="7" tag="655">
    <subfield code="a">Lithographs</subfield>
    <subfield code="z">Morocco</subfield>
    <subfield code="y">1917</subfield>
    <subfield code="2">gmgpc</subfield>
  </datafield>
  <datafield ind1="1" ind2="2" tag="700">
    <subfield code="a">Muwaqqat, Muḥammad bin Muḥammad bin ʻAbd Allāh.</subfield>
    <subfield code="t">Iẓhār al-maḥāmid fī al-taʻrīf bi-Mawlānā al-Wālid.</subfield>
  </datafield>
  <datafield ind1="1" ind2="2" tag="700">
    <subfield code="a">Muwaqqat, Muḥammad bin Muḥammad bin ʻAbd Allāh.</subfield>
    <subfield code="t">Masāʾil al-najāh.</subfield>
  </datafield>
  <datafield ind1="0" ind2=" " tag="740">
    <subfield code="a">Iẓhār al-maḥāmid fī al-taʻrīf bi-Mawlānā al-Wālid.</subfield>
  </datafield>
  <datafield ind1="0" ind2=" " tag="740">
    <subfield code="a">Masāʾil al-najāh.</subfield>
  </datafield>
  <datafield ind1="4" ind2=" " tag="856">
    <subfield code="u">http://hdl.handle.net/2027/njp.32101035012697</subfield>
  </datafield>
  <datafield ind1=" " ind2=" " tag="948">
    <subfield code="a">jeb</subfield>
  </datafield>
  <datafield ind1=" " ind2=" " tag="911">
    <subfield code="a">20000314</subfield>
  </datafield>
  <datafield ind1=" " ind2=" " tag="912">
    <subfield code="a">20000328033134.0</subfield>
  </datafield>
  <datafield ind1="0" ind2="0" tag="852">
    <subfield code="0">3158003</subfield>
    <subfield code="b">nec</subfield>
    <subfield code="t">1</subfield>
    <subfield code="h">DT325.9.I262 1917</subfield>
  </datafield>
  <datafield ind1="8" ind2=" " tag="852">
    <subfield code="0">8753390</subfield>
    <subfield code="b">elf1</subfield>
    <subfield code="h">Electronic Resource</subfield>
  </datafield>
  <datafield ind1=" " ind2=" " tag="959">
    <subfield code="a">2000-06-08 00:00:00 -0500</subfield>
  </datafield>
</record>
